@article{HH90,
  author    = {Hochster, Melvin and Huneke, Craig},
  title     = {Tight closure, invariant theory, and the {Briancon-Skoda} theorem},
  journal   = {J. Amer. Math. Soc.},
  volume    = {3},
  number    = {1},
  pages     = {31--116},
  year      = {1990}
}

@article{HY03,
  author    = {Hara, Nobuo and Yoshida, Ken-Ichi},
  title     = {A generalization of tight closure and multiplier ideals},
  journal   = {Trans. Amer. Math. Soc.},
  volume    = {355},
  number    = {8},
  pages     = {3143--3174},
  year      = {2003}
}

@article{SS10,
  author    = {Schwede, Karl and Smith, Karen E.},
  title     = {Globally {$F$}-regular and log {Fano} varieties},
  journal   = {Adv. Math.},
  volume    = {224},
  number    = {3},
  pages     = {863--894},
  year      = {2010}
}

@article{BS19,
  author    = {Bhatt, Bhargav and Scholze, Peter},
  title     = {Prisms and prismatic cohomology},
  journal   = {arXiv preprint},
  volume    = {arXiv:1905.08229},
  year      = {2019}
}

@book{Sch12,
  author    = {Scholze, Peter},
  title     = {Perfectoid spaces},
  publisher = {Publ. math. de l'IHÉS},
  volume    = {116},
  number    = {1},
  pages     = {245--313},
  year      = {2012}
}

@article{MS21,
  author    = {Ma, Linquan and Schwede, Karl},
  title     = {Perfectoid multiplier/test ideals in regular rings and bounds on symbolic powers},
  journal   = {Invent. Math.},
  volume    = {214},
  number    = {2},
  pages     = {913--955},
  year      = {2018}
}

@article{BB11,
  author    = {Blickle, Manuel and Böckle, Gebhard},
  title     = {Cartier modules: finiteness results},
  journal   = {J. Reine Angew. Math.},
  volume    = {661},
  pages     = {85--123},
  year      = {2011}
}

@book{Laz04,
  author    = {Lazarsfeld, Robert},
  title     = {Positivity in Algebraic Geometry II},
  publisher = {Springer},
  volume    = {49},
  series    = {Ergebnisse der Mathematik und ihrer Grenzgebiete},
  year      = {2004}
}

@article{TY21,
  author    = {Tanaka, Hiromu and Yobuko, Yusuke},
  title     = {A splitting theorem in positive characteristic and its applications},
  journal   = {Ann. Sci. École Norm. Sup.},
  volume    = {54},
  pages     = {1293--1322},
  year      = {2021}
}

@article{BMP+23,
  author    = {Bravo, Timothy and Maier, Meagan and Patnaik, Manish and Popić, Maja and Schwede, Karl},
  title     = {Mixed characteristic tight closure: Singularities and big Cohen-Macaulay algebras},
  journal   = {arXiv preprint},
  volume    = {arXiv:2301.02935},
  year      = {2023}
} 